% Encoding: UTF-8
@Book{Farcic2018,
  author    = {Farcic, Viktor},
  publisher = {Packt Publishing},
  title     = {The DevOps 2.2 Toolkit},
  year      = {2018},
  isbn      = {1788991273},
  month     = mar,
  ean       = {9781788991278},
  file      = {:ViktorFarcic_2018_TheDevOps22ToolkitSelf-SufficientDockerC.pdf:PDF},
  groups    = {DevOps},
  owner     = {luisp},
  pagetotal = {360},
  url       = {https://www.ebook.de/de/product/32187700/viktor_farcic_the_devops_2_2_toolkit.html},
}

@Book{Halstenberg2020,
  author    = {Jürgen Halstenberg and Bernd Pfitzinger and Thomas Jestädt},
  publisher = {Springer Fachmedien Wiesbaden},
  title     = {{DevOps}},
  year      = {2020},
  doi       = {10.1007/978-3-658-31405-7},
  file      = {:Halstenberg2020_Book_DevOps.pdf:PDF},
  groups    = {DevOps},
  owner     = {luisp},
}

@Book{Gregory2021,
  editor    = {Peggy Gregory and Casper Lassenius and Xiaofeng Wang and Philippe Kruchten},
  publisher = {Springer International Publishing},
  title     = {Agile Processes in Software Engineering and Extreme Programming},
  year      = {2021},
  doi       = {10.1007/978-3-030-78098-2},
  file      = {:2021_Book_AgileProcessesInSoftwareEngine.pdf:PDF},
  groups    = {Agile, DevOps},
  owner     = {luisp},
}

@Book{Alt2017,
  author    = {Rainer Alt and Gunnar Auth and Christoph Kögler},
  publisher = {Springer Fachmedien Wiesbaden},
  title     = {Innovationsorientiertes {IT}-Management mit {DevOps}},
  year      = {2017},
  doi       = {10.1007/978-3-658-18704-0},
  file      = {:Alt2017_Book_InnovationsorientiertesIT-Mana.pdf:PDF},
  groups    = {DevOps},
  owner     = {luisp},
}

@InCollection{Sturm2017,
  author    = {Rick Sturm and Carol Pollard and Julie Craig},
  booktitle = {Application Performance Management ({APM}) in the Digital Enterprise},
  publisher = {Elsevier},
  title     = {{DevOps} and Continuous Delivery},
  year      = {2017},
  pages     = {121--135},
  doi       = {10.1016/b978-0-12-804018-8.00010-3},
  file      = {:Application Performance Management/Chapter-10---DevOps-and-Cont_2017_Application-Performance-Management--APM--i.pdf:PDF},
  groups    = {DevOps},
  owner     = {luisp},
}

@InCollection{Heinrich2017,
  author    = {Robert Heinrich and Reiner Jung and Christian Zirkelbach and Wilhelm Hasselbring and Ralf Reussner},
  booktitle = {Software Architecture for Big Data and the Cloud},
  publisher = {Elsevier},
  title     = {An Architectural Model-Based Approach to Quality-Aware {DevOps} in Cloud Applicationsc {\ast} {\ast}This work was partially supported by the {DFG} (German Research Foundation) under the Priority Programme {SPP}1593: Design For Future {\textendash} Managed Software Evolution and the {MWK} (Ministry of Science, Research and the Arts Baden-Württemberg) in the funding line Research Seed Capital ({RiSC}).},
  year      = {2017},
  pages     = {69--89},
  doi       = {10.1016/b978-0-12-805467-3.00005-3},
  file      = {:Software Architecture for Big Data and the Cloud/Chapter-5---An-Architectural-Model-Based-Approach-to-Quality-Aw_2017_Softwar.pdf:PDF},
  groups    = {DevOps},
  owner     = {luisp},
}

@Book{RichardLevy2015,
  author    = {Richard Levy, Michael Short},
  publisher = {BCS},
  title     = {Agile Foundations},
  year      = {2015},
  isbn      = {1780172540},
  month     = mar,
  ean       = {9781780172545},
  groups    = {Agile},
  owner     = {luisp},
  pagetotal = {198},
  url       = {https://search.ebscohost.com/login.aspx?direct=true&db=e020mww&AN=821933&lang=de&site=eds-live&scope=site&ebv=EB&ppid=pp_vi},
}

@Book{HansBrandtPook2020,
  author    = {Hans Brandt-Pook, Rainer Kollmeier},
  publisher = {Springer-Verlag GmbH},
  title     = {Softwareentwicklung kompakt und verständlich},
  year      = {2020},
  month     = nov,
  ean       = {9783658306311},
  file      = {:Brandt-Pook-Kollmeier2020_Book_SoftwareentwicklungKompaktUndV.pdf:PDF},
  groups    = {Agile},
  owner     = {luisp},
  pagetotal = {171},
  url       = {https://www.ebook.de/de/product/39872304/hans_brandt_pook_rainer_kollmeier_softwareentwicklung_kompakt_und_verstaendlich.html},
}

@Book{ManfredBroy2021,
  author    = {Manfred Broy, Marco Kuhrmann},
  publisher = {Springer-Verlag GmbH},
  title     = {Einführung in die Softwaretechnik},
  year      = {2021},
  month     = jun,
  ean       = {9783662502631},
  file      = {:Broy-Kuhrmann2021_Book_EinführungInDieSoftwaretechnik.pdf:PDF},
  groups    = {Agile},
  owner     = {luisp},
  pagetotal = {666},
  url       = {https://www.ebook.de/de/product/41143391/manfred_broy_marco_kuhrmann_einfuehrung_in_die_softwaretechnik.html},
}

@Comment{jabref-meta: databaseType:bibtex;}

@Comment{jabref-meta: grouping:
0 AllEntriesGroup:;
1 StaticGroup:DevOps\;0\;0\;0x8a8a8aff\;\;\;;
1 StaticGroup:Agile\;0\;1\;0x8a8a8aff\;\;\;;
}
